<?xml version="1.0" encoding="UTF-8"?><collection xmlns="http://www.loc.gov/MARC21/slim"><record><leader>00389nam--2200133-i-4500</leader><controlfield tag="001">000030888</controlfield><controlfield tag="002">20161230</controlfield><controlfield tag="005">20161230201038</controlfield><controlfield tag="008">060222s1000------------r-----000-0-eng-d</controlfield><datafield ind1=" " ind2=" " tag="245"><subfield code="a">Mathematical interpretation of formal systems</subfield></datafield><datafield ind1=" " ind2=" " tag="260"><subfield code="a">Amsterdam, North-holland, 1955, Viii + 113p</subfield></datafield><datafield ind1=" " ind2=" " tag="490"><subfield code="a">Studies In Logic</subfield></datafield><datafield ind1=" " ind2=" " tag="700"><subfield code="a">Skolem, Th., Hasenjaeger, G., Kreisel, G./S.A.</subfield></datafield><datafield ind1=" " ind2=" " tag="852"><subfield code="a">11686</subfield></datafield></record></collection>